%YAML 1.1
%TAG !u! tag:unity3d.com,2011:
--- !u!1 &117627662
GameObject:
  m_ObjectHideFlags: 0
  m_CorrespondingSourceObject: {fileID: 0}
  m_PrefabInstance: {fileID: 0}
  m_PrefabAsset: {fileID: 0}
  serializedVersion: 6
  m_Component:
  - component: {fileID: 117627665}
  - component: {fileID: 117627664}
  - component: {fileID: 117627663}
  m_Layer: 0
  m_Name: Manager grab
  m_TagString: Untagged
  m_Icon: {fileID: 0}
  m_NavMeshLayer: 0
  m_StaticEditorFlags: 0
  m_IsActive: 1
--- !u!4 &117627665
Transform:
  m_ObjectHideFlags: 0
  m_CorrespondingSourceObject: {fileID: 0}
  m_PrefabInstance: {fileID: 0}
  m_PrefabAsset: {fileID: 0}
  m_GameObject: {fileID: 117627662}
  m_LocalRotation: {x: -0, y: -0, z: -0, w: 1}
  m_LocalPosition: {x: 0, y: -1, z: 0}
  m_LocalScale: {x: 1, y: 1, z: 1}
  m_Children: []
  m_Father: {fileID: 6999481416165635962}
  m_RootOrder: 1
  m_LocalEulerAnglesHint: {x: 0, y: 0, z: 0}
--- !u!114 &117627664
MonoBehaviour:
  m_ObjectHideFlags: 0
  m_CorrespondingSourceObject: {fileID: 0}
  m_PrefabInstance: {fileID: 0}
  m_PrefabAsset: {fileID: 0}
  m_GameObject: {fileID: 117627662}
  m_Enabled: 1
  m_EditorHideFlags: 0
  m_Script: {fileID: 11500000, guid: c2d153878a9f7eb45b0e02c0c739029a, type: 3}
  m_Name: 
  m_EditorClassIdentifier: 
  OutlineColorInRange: {r: 0, g: 0, b: 0, a: 0}
  OutlineColorHighlighted: {r: 0, g: 0, b: 0, a: 0}
--- !u!135 &117627663
SphereCollider:
  m_ObjectHideFlags: 0
  m_CorrespondingSourceObject: {fileID: 0}
  m_PrefabInstance: {fileID: 0}
  m_PrefabAsset: {fileID: 0}
  m_GameObject: {fileID: 117627662}
  m_Material: {fileID: 0}
  m_IsTrigger: 1
  m_Enabled: 1
  serializedVersion: 2
  m_Radius: 3.5
  m_Center: {x: 0, y: 0, z: 0}
--- !u!114 &2010222173
MonoBehaviour:
  m_ObjectHideFlags: 0
  m_CorrespondingSourceObject: {fileID: 0}
  m_PrefabInstance: {fileID: 0}
  m_PrefabAsset: {fileID: 0}
  m_GameObject: {fileID: 6999481416166124378}
  m_Enabled: 1
  m_EditorHideFlags: 0
  m_Script: {fileID: 11500000, guid: cf162022e230bb745ab2ec48cd357f9e, type: 3}
  m_Name: 
  m_EditorClassIdentifier: 
  CameraRig: {fileID: 6999481416160108198}
  CurrentDistance: 0
  EnableFadeout: 0
  EnableCollision: 0
  DynamicHeight: 1
  MaxFade: 1
  FadeMinDistance: 0.25
  FadeMaxDistance: 0.35
--- !u!1001 &2628708785134516326
PrefabInstance:
  m_ObjectHideFlags: 0
  serializedVersion: 2
  m_Modification:
    m_TransformParent: {fileID: 6999481416165635956}
    m_Modifications:
    - target: {fileID: -927199367670048503, guid: e54e2298c8d5fd84db9c6af6a8ff051a,
        type: 3}
      propertyPath: m_Name
      value: VoleurTest@Sneaking Forward
      objectReference: {fileID: 0}
    - target: {fileID: -4216859302048453862, guid: e54e2298c8d5fd84db9c6af6a8ff051a,
        type: 3}
      propertyPath: m_LocalPosition.x
      value: 0
      objectReference: {fileID: 0}
    - target: {fileID: -4216859302048453862, guid: e54e2298c8d5fd84db9c6af6a8ff051a,
        type: 3}
      propertyPath: m_LocalPosition.y
      value: -1.002
      objectReference: {fileID: 0}
    - target: {fileID: -4216859302048453862, guid: e54e2298c8d5fd84db9c6af6a8ff051a,
        type: 3}
      propertyPath: m_LocalPosition.z
      value: -0.902
      objectReference: {fileID: 0}
    - target: {fileID: -4216859302048453862, guid: e54e2298c8d5fd84db9c6af6a8ff051a,
        type: 3}
      propertyPath: m_LocalRotation.x
      value: 0
      objectReference: {fileID: 0}
    - target: {fileID: -4216859302048453862, guid: e54e2298c8d5fd84db9c6af6a8ff051a,
        type: 3}
      propertyPath: m_LocalRotation.y
      value: 0
      objectReference: {fileID: 0}
    - target: {fileID: -4216859302048453862, guid: e54e2298c8d5fd84db9c6af6a8ff051a,
        type: 3}
      propertyPath: m_LocalRotation.z
      value: 0
      objectReference: {fileID: 0}
    - target: {fileID: -4216859302048453862, guid: e54e2298c8d5fd84db9c6af6a8ff051a,
        type: 3}
      propertyPath: m_LocalRotation.w
      value: 1
      objectReference: {fileID: 0}
    - target: {fileID: -4216859302048453862, guid: e54e2298c8d5fd84db9c6af6a8ff051a,
        type: 3}
      propertyPath: m_RootOrder
      value: 2
      objectReference: {fileID: 0}
    - target: {fileID: -4216859302048453862, guid: e54e2298c8d5fd84db9c6af6a8ff051a,
        type: 3}
      propertyPath: m_LocalEulerAnglesHint.x
      value: 0
      objectReference: {fileID: 0}
    - target: {fileID: -4216859302048453862, guid: e54e2298c8d5fd84db9c6af6a8ff051a,
        type: 3}
      propertyPath: m_LocalEulerAnglesHint.y
      value: 0
      objectReference: {fileID: 0}
    - target: {fileID: -4216859302048453862, guid: e54e2298c8d5fd84db9c6af6a8ff051a,
        type: 3}
      propertyPath: m_LocalEulerAnglesHint.z
      value: 0
      objectReference: {fileID: 0}
    - target: {fileID: -4216859302048453862, guid: e54e2298c8d5fd84db9c6af6a8ff051a,
        type: 3}
      propertyPath: m_LocalScale.x
      value: 0.8
      objectReference: {fileID: 0}
    - target: {fileID: -4216859302048453862, guid: e54e2298c8d5fd84db9c6af6a8ff051a,
        type: 3}
      propertyPath: m_LocalScale.y
      value: 0.8
      objectReference: {fileID: 0}
    - target: {fileID: -4216859302048453862, guid: e54e2298c8d5fd84db9c6af6a8ff051a,
        type: 3}
      propertyPath: m_LocalScale.z
      value: 0.8
      objectReference: {fileID: 0}
    m_RemovedComponents: []
  m_SourcePrefab: {fileID: 100100000, guid: e54e2298c8d5fd84db9c6af6a8ff051a, type: 3}
--- !u!1001 &6999481416166026738
PrefabInstance:
  m_ObjectHideFlags: 0
  serializedVersion: 2
  m_Modification:
    m_TransformParent: {fileID: 0}
    m_Modifications:
    - target: {fileID: 400006, guid: ce816f2e6abb0504092c23ed9b970dfd, type: 3}
      propertyPath: m_LocalPosition.x
      value: -20.45
      objectReference: {fileID: 0}
    - target: {fileID: 400006, guid: ce816f2e6abb0504092c23ed9b970dfd, type: 3}
      propertyPath: m_LocalPosition.y
      value: 1.88
      objectReference: {fileID: 0}
    - target: {fileID: 400006, guid: ce816f2e6abb0504092c23ed9b970dfd, type: 3}
      propertyPath: m_LocalPosition.z
      value: 4.27
      objectReference: {fileID: 0}
    - target: {fileID: 400006, guid: ce816f2e6abb0504092c23ed9b970dfd, type: 3}
      propertyPath: m_LocalRotation.x
      value: 0.0011141576
      objectReference: {fileID: 0}
    - target: {fileID: 400006, guid: ce816f2e6abb0504092c23ed9b970dfd, type: 3}
      propertyPath: m_LocalRotation.y
      value: 0.99357724
      objectReference: {fileID: 0}
    - target: {fileID: 400006, guid: ce816f2e6abb0504092c23ed9b970dfd, type: 3}
      propertyPath: m_LocalRotation.z
      value: -0.00013874509
      objectReference: {fileID: 0}
    - target: {fileID: 400006, guid: ce816f2e6abb0504092c23ed9b970dfd, type: 3}
      propertyPath: m_LocalRotation.w
      value: 0.11315106
      objectReference: {fileID: 0}
    - target: {fileID: 400006, guid: ce816f2e6abb0504092c23ed9b970dfd, type: 3}
      propertyPath: m_RootOrder
      value: 0
      objectReference: {fileID: 0}
    - target: {fileID: 400006, guid: ce816f2e6abb0504092c23ed9b970dfd, type: 3}
      propertyPath: m_LocalEulerAnglesHint.x
      value: 0.030000001
      objectReference: {fileID: 0}
    - target: {fileID: 400006, guid: ce816f2e6abb0504092c23ed9b970dfd, type: 3}
      propertyPath: m_LocalEulerAnglesHint.y
      value: 167.00601
      objectReference: {fileID: 0}
    - target: {fileID: 400006, guid: ce816f2e6abb0504092c23ed9b970dfd, type: 3}
      propertyPath: m_LocalEulerAnglesHint.z
      value: 0.125
      objectReference: {fileID: 0}
    - target: {fileID: 400006, guid: ce816f2e6abb0504092c23ed9b970dfd, type: 3}
      propertyPath: m_LocalScale.y
      value: 0.69640106
      objectReference: {fileID: 0}
    - target: {fileID: 400008, guid: ce816f2e6abb0504092c23ed9b970dfd, type: 3}
      propertyPath: m_LocalPosition.y
      value: 0.577
      objectReference: {fileID: 0}
    - target: {fileID: 100008, guid: ce816f2e6abb0504092c23ed9b970dfd, type: 3}
      propertyPath: m_Name
      value: OVRPlayerController Variant
      objectReference: {fileID: 0}
    - target: {fileID: 100008, guid: ce816f2e6abb0504092c23ed9b970dfd, type: 3}
      propertyPath: m_IsActive
      value: 1
      objectReference: {fileID: 0}
    - target: {fileID: 11400002, guid: ce816f2e6abb0504092c23ed9b970dfd, type: 3}
      propertyPath: _trackingOriginType
      value: 1
      objectReference: {fileID: 0}
    - target: {fileID: 8100000, guid: ce816f2e6abb0504092c23ed9b970dfd, type: 3}
      propertyPath: m_Enabled
      value: 0
      objectReference: {fileID: 0}
    - target: {fileID: 20131489337305086, guid: ce816f2e6abb0504092c23ed9b970dfd,
        type: 3}
      propertyPath: m_Enabled
      value: 0
      objectReference: {fileID: 0}
    - target: {fileID: 20131489337305086, guid: ce816f2e6abb0504092c23ed9b970dfd,
        type: 3}
      propertyPath: m_BackGroundColor.r
      value: 0
      objectReference: {fileID: 0}
    - target: {fileID: 20131489337305086, guid: ce816f2e6abb0504092c23ed9b970dfd,
        type: 3}
      propertyPath: m_BackGroundColor.g
      value: 0.08071279
      objectReference: {fileID: 0}
    - target: {fileID: 20131489337305086, guid: ce816f2e6abb0504092c23ed9b970dfd,
        type: 3}
      propertyPath: m_BackGroundColor.b
      value: 0.20754719
      objectReference: {fileID: 0}
    - target: {fileID: 20504667576486672, guid: ce816f2e6abb0504092c23ed9b970dfd,
        type: 3}
      propertyPath: m_BackGroundColor.r
      value: 0
      objectReference: {fileID: 0}
    - target: {fileID: 20504667576486672, guid: ce816f2e6abb0504092c23ed9b970dfd,
        type: 3}
      propertyPath: m_BackGroundColor.g
      value: 0.08071279
      objectReference: {fileID: 0}
    - target: {fileID: 20504667576486672, guid: ce816f2e6abb0504092c23ed9b970dfd,
        type: 3}
      propertyPath: m_BackGroundColor.b
      value: 0.20754719
      objectReference: {fileID: 0}
    - target: {fileID: 14300000, guid: ce816f2e6abb0504092c23ed9b970dfd, type: 3}
      propertyPath: m_Radius
      value: 0.2
      objectReference: {fileID: 0}
    m_RemovedComponents: []
  m_SourcePrefab: {fileID: 100100000, guid: ce816f2e6abb0504092c23ed9b970dfd, type: 3}
--- !u!1 &6999481416166124378 stripped
GameObject:
  m_CorrespondingSourceObject: {fileID: 100008, guid: ce816f2e6abb0504092c23ed9b970dfd,
    type: 3}
  m_PrefabInstance: {fileID: 6999481416166026738}
  m_PrefabAsset: {fileID: 0}
--- !u!4 &6999481416165635956 stripped
Transform:
  m_CorrespondingSourceObject: {fileID: 400006, guid: ce816f2e6abb0504092c23ed9b970dfd,
    type: 3}
  m_PrefabInstance: {fileID: 6999481416166026738}
  m_PrefabAsset: {fileID: 0}
--- !u!4 &6999481416165635962 stripped
Transform:
  m_CorrespondingSourceObject: {fileID: 400008, guid: ce816f2e6abb0504092c23ed9b970dfd,
    type: 3}
  m_PrefabInstance: {fileID: 6999481416166026738}
  m_PrefabAsset: {fileID: 0}
--- !u!114 &6999481416160108198 stripped
MonoBehaviour:
  m_CorrespondingSourceObject: {fileID: 11400020, guid: ce816f2e6abb0504092c23ed9b970dfd,
    type: 3}
  m_PrefabInstance: {fileID: 6999481416166026738}
  m_PrefabAsset: {fileID: 0}
  m_GameObject: {fileID: 0}
  m_Enabled: 1
  m_EditorHideFlags: 0
  m_Script: {fileID: 11500000, guid: df9f338034892c44ebb62d97894772f1, type: 3}
  m_Name: 
  m_EditorClassIdentifier: 
